% Encoding: UTF-8

@Online{IBM2020,
  author       = {{IBM Cloud Education}},
  date         = {2020-07-02},
  title        = {Natural Language Processing},
  url          = {https://www.ibm.com/cloud/learn/natural-language-processing},
  organization = {IBM Cloud Education},
}

@Article{sas2020,
  author = {sas},
  date   = {2020},
  title  = {Natural Language Processing (NLP) What it is and why it matters},
  url    = {https://www.sas.com/en_us/insaights/analytics/what-is-natural-language-processing-nlp.html},
}

@Online{Datascience2021,
  author = {{Elite Datascience}},
  date   = {2021},
  title  = {Overfitting in Machine Learning: What is it and how to prevent it.},
  url    = {https://elitedatascience.com/overfitting-in-machine-learning},
}

@Article{MonkeyLearn2021,
  author = {MonkeyLearn},
  date   = {2021},
  title  = {Sentiment Analysis: A Definitive Guide},
  url    = {https://elitedatascience.com/overfitting-in-machine-learning},
}

@WWW{GeeksforGeeks2020,
  author = {GeeksforGeeks},
  date   = {2020-05-18},
  title  = {Underfitting in Machine Learning},
  url    = {https://www.geeksforgeeks.org/underfitting-and-overfitting-in-machine-learning/},
}

@Online{IBM2021,
  author = {{IBM Cloud Education}},
  date   = {2021},
  title  = {What is Artificial Intelligence (AI)},
  url    = {https://www.geeksforgeeks.org/underfitting-and-overfitting-in-machine-learning/},
}

@Online{IBM2020a,
  author = {{IBM Cloud Education}},
  date   = {2020-07-15},
  title  = {What is Machine Learning?},
  url    = {https://www.ibm.com/cloud/learn/machine-learning},
}

@Article{Linguamatics2021,
  author = {Linguamatics},
  date   = {2021},
  title  = {What is Text Mining, Text Analytics and Natural Language Processing?},
  url    = {https://www.linguamatics.com/what-text-mining-text-analytics-and-natural-language-processing},
}

@Article{AlMasri2019,
  author = {Anas Al-Masri},
  date   = {2019-06-22},
  title  = {What are overfitting and underfitting in machine learning?},
  url    = {https://towardsdatascience.com/what-are-overfitting-and-underfitting-in-machine-learning-a96b30864690},
}

@Article{Andreas2018,
  author       = {Kaplan Andreas and Michaael Haenlein},
  date         = {2018},
  journaltitle = {Business Horizons},
  title        = {Siri, Siri in my Hand, who's the Fairest in the Land? On the Interpretations, Illustrations and Implications of Artificial Intelligence},
}

@Article{Anyoha2017,
  author       = {Rockwell Anyoha},
  date         = {2017-08-28},
  journaltitle = {Harvard University},
  title        = {The History of Artificial Intelligence},
  url          = {https://sitn.hms.harvard.edu/flash/2017/history-artificial-intelligence/},
}

@Online{Brownlee2021,
  author = {Jason Brownlee},
  date   = {2021-01-22},
  title  = {How to Choose an Activation Function for Deep Learning},
  url    = {https://machinelearningmastery.com/choose-an-activation-function-for-deep-learning/#:~:text=for Output Layers-,Activation Functions,a layer of the network.},
}

@Article{Kraaijvanger2012,
  author       = {Tim Kraaijvanger},
  date         = {2012-06-23},
  journaltitle = {Scientias},
  title        = {Alan Turing: De bedenker van de turing test},
  url          = {https://www.scientias.nl/alan-turing-de-bedenker-van-de-turing-test/},
}

@Book{Lievens2020,
  author = {Stijn Lievens},
  date   = {2020-09-16},
  title  = {ArtificiÃ«le Intelligentie: Lesnota's},
}

@Article{Shah2017,
  author       = {Tarang Shah},
  date         = {2017-12-06},
  journaltitle = {towards data science},
  title        = {About Train, Validation and Test Sets in Machine Learning},
  url          = {https://towardsdatascience.com/train-validation-and-test-sets-72cb40cba9e7},
}

@Article{Vervoort2017,
  author       = {Dorien Vervoort},
  date         = {2017-08-11},
  journaltitle = {TechPulse},
  title        = {Wat is een artificieel neuraal netwerk?},
  url          = {https://techpulse.be/achtergrond/217521/wat-een-artificieel-neuraal-netwerk/},
}

@Online{KULeuven2019,
  author = {{KU Leuven}},
  date   = {2019-12-05},
  title  = {Neuraal Netwerk},
  url    = {https://www.kuleuven.be/toekomstigestudenten/verwondering/afbeeldingen/neuraal-netwerk/view},
}

@Article{Marketing2021,
  author = {Vendasta Marketing},
  date   = {2021},
  title  = {The SaaS Platform: A Beginner's Guide to Software as a Service},
  url    = {https://www.vendasta.com/blog/saas-platform-guide/#:~:text=A SaaS platform is a,a website or an app.},
}

@Online{Maguire2021,
  author = {Riley Maguire},
  date   = {2021-03-28},
  title  = {What is MonkeyLearn?},
  url    = {https://help.monkeylearn.com/en/articles/2174206-what-is-monkeylearn},
}

@Dataset{Ni2019,
  author = {Jianomo Ni, Jiacheng Li, Julian McAuley},
  date   = {2019},
  editor = {EMNLP},
  title  = {Empirical Methods in Natural Language Processing},
}

@Online{Kaggle2020,
  author = {Kaggle},
  date   = {2020},
  title  = {Twitter US Airline Sentiment},
  url    = {https://www.kaggle.com/crowdflower/twitter-airline-sentiment},
}

@Comment{jabref-meta: databaseType:biblatex;}
