% Encoding: UTF-8

@Article{MonkeyLearn2020,
  author = {MonkeyLearn},
  date   = {2020-01-01},
  title  = {Sentiment Analysis: A Definitive Guide},
  url    = {https://monkeylearn.com/sentiment-analysis/#:~:text=Sentiment analysis (or opinion mining,feedback, and understand customer needs.},
}

@Article{Felbo2017,
  author = {Felbo, Bjarke and Mislove, Alan and Sogaard, Anders and Rahwan, Tyad and Lehmann, Sune},
  date   = {2017-01-01},
  title  = {Using millions of emoji occurrences to learn any-domain representations for detecting sentiment, emotion and sarcasm},
  url    = {http://dx.doi.org/10.18653/v1/D17-1169},
}

@WWW{DeepMoji2020,
author =  {DeepMoji},
  date   = {2020-01-01},
  title  = {Artificial emotional intelligence},
  url    = {https://deepmoji.mit.edu/},
}

@Article{Microsoft2020,
  author = {Microsoft},
  date   = {2020-11-17},
  title  = {What is the Text Analytics API?},
  url    = {https://docs.microsoft.com/en-us/azure/cognitive-services/text-analytics/overview},
}

@Article{ChewYean2015,
  author = {Chew-Yean},
  date   = {2015-11-29},
  title  = {Emotion Detection and Recognition from Text Using Deep Learning},
  url    = {https://devblogs.microsoft.com/cse/2015/11/29/emotion-detection-and-recognition-from-text-using-deep-learning/},
}

@Online{2015,
  author = {ryubidragonfire},
  date   = {2015-11-27},
  editor = {GitHub},
  title  = {Emotion},
  url    = {https://github.com/ryubidragonfire/Emotion},
}

@InProceedings{Vickrey2005,
  author    = {Vickrey, David and Biewald, Luke and Teyssier, Marc and Koller, Daphne},
  booktitle = {Proceedings of human language technology conference and conference on empirical methods in natural language processing.},
  date      = {2005},
  title     = {Word-sense disambiguation for machine translation},
}

@InProceedings{Ehsan2018,
  author    = {Ehsan, Upol and Chan, Larry and Harrison, Brent},
  booktitle = {Proceedings of the 2018 AAAI/ACM Conference on AI, Ethics, and Society},
  date      = {2018},
  title     = {Rationalization: A neural machine translation approach to generating natural language explanations},
  pages     = {81--87},
}

@Article{Minqing2004,
  author       = {Minqing and Liu, Bing},
  date         = {2004-08-01},
  journaltitle = {KDD-2004 - Proceedings of the Tenth ACM SIGKDD International Conference of Knowledge Discovery and Data Mining},
  title        = {Mining and summarizing customer reviews},
  pages        = {168--177},
}

@Article{Knight1997,
  author = {Knight, Kevin},
  date   = {1997},
  title  = {Automating knowledge acquisition for machine translation},
  number = {4},
  pages  = {81--81},
  volume = {18},
}

@Comment{jabref-meta: databaseType:biblatex;}